<?xml version="1.0" encoding="UTF-8"?>
<record xmlns="http://www.loc.gov/MARC21/slim">
   <leader>01405cam a2200301 a 4500</leader>
   <controlfield tag="001">498046</controlfield>
   <controlfield tag="003">NjP</controlfield>
   <controlfield tag="005">20171013104122.0</controlfield>
   <controlfield tag="008">890308s1978    ir       b    001|0cara d</controlfield>
   <datafield tag="024" ind1="7" ind2=" ">
      <subfield code="a">princeton_aco003652</subfield>
      <subfield code="2">local</subfield>
   </datafield>
   <datafield ind1=" " ind2=" " tag="035">
      <subfield code="a">(OCoLC)26670429</subfield>
   </datafield>
   <datafield ind1=" " ind2=" " tag="035">
      <subfield code="a">(CStRLIN)NJPG89-B11542</subfield>
   </datafield>
   <datafield ind1=" " ind2=" " tag="035">
      <subfield code="9">ACH3810TS</subfield>
   </datafield>
   <datafield ind1=" " ind2=" " tag="040">
      <subfield code="a">NjP</subfield>
      <subfield code="c">NjP</subfield>
   </datafield>
   <datafield ind1="2" ind2=" " tag="100">
      <subfield code="a">Muwaḥḥid al-Abṭaḥī, Muḥammad ʻAlī.</subfield>
   </datafield>
   <datafield ind1="1" ind2="0" tag="240">
      <subfield code="a">Tārīkh Āl Zurārah</subfield>
   </datafield>
   <datafield ind1="1" ind2="0" tag="245">
      <subfield code="a">Tārīkh Āl Zurārah ; wa-Sharḥ Risālat Abī Ghālib al-Zurārī /</subfield>
      <subfield code="c">lil-Sayyid Muḥammad ʻAlī al-Muwaḥḥid al-Abṭaḥī.</subfield>
   </datafield>
   <datafield ind1=" " ind2=" " tag="260">
      <subfield code="a">[Iṣfahān] :</subfield>
      <subfield code="b">Rabbānī, 1399 [1978 or 1979]</subfield>
   </datafield>
   <datafield ind1=" " ind2=" " tag="300">
      <subfield code="a">242, 15, 119 p. ;</subfield>
      <subfield code="c">24 cm.</subfield>
   </datafield>
   <datafield ind1=" " ind2=" " tag="500">
      <subfield code="a">Cover title.</subfield>
   </datafield>
   <datafield ind1=" " ind2=" " tag="504">
      <subfield code="a">Includes bibliographical references and index.</subfield>
   </datafield>
   <datafield ind1=" " ind2="0" tag="650">
      <subfield code="a">Shiites</subfield>
      <subfield code="x">Biography.</subfield>
      <subfield code="0">http://id.loc.gov/authorities/subjects/sh2008111229</subfield>
   </datafield>
   <datafield ind1="1" ind2="0" tag="600">
      <subfield code="a">Zurārī, Aḥmad ibn Muḥammad,</subfield>
      <subfield code="d">898-978 or 979.</subfield>
      <subfield code="t">Risālah fī Āl Aʻyan.</subfield>
   </datafield>
   <datafield ind1="1" ind2="2" tag="700">
      <subfield code="a">Zurārī, Aḥmad ibn Muḥammad,</subfield>
      <subfield code="d">898-978 or 979.</subfield>
      <subfield code="t">Risālah fī Āl Aʻyan.</subfield>
      <subfield code="f">1978.</subfield>
      <subfield code="0">http://id.loc.gov/authorities/names/nr92033683</subfield>
   </datafield>
   <datafield ind1="2" ind2="2" tag="700">
      <subfield code="a">Muwaḥḥid al-Abṭaḥī, Muḥammad ʻAlī.</subfield>
      <subfield code="t">Sharḥ Risālah fī Āl Aʻyan.</subfield>
      <subfield code="f">1978.</subfield>
   </datafield>
   <datafield ind1="0" ind2=" " tag="740">
      <subfield code="a">Risālah fī Āl Aʻyan.</subfield>
   </datafield>
   <datafield ind1="0" ind2=" " tag="740">
      <subfield code="a">Sharḥ Risālah fī Āl Aʻyan.</subfield>
   </datafield>
   <datafield ind1=" " ind2=" " tag="998">
      <subfield code="a">09/14/92</subfield>
      <subfield code="s">9118</subfield>
      <subfield code="n">NjP</subfield>
      <subfield code="w">NJPG89B11542</subfield>
      <subfield code="d">03/08/89</subfield>
      <subfield code="c">JEB</subfield>
      <subfield code="b">JEB</subfield>
      <subfield code="i">920914</subfield>
      <subfield code="l">NJPG</subfield>
   </datafield>
   <datafield ind1=" " ind2=" " tag="911">
      <subfield code="a">19921028</subfield>
   </datafield>
   <datafield ind1=" " ind2=" " tag="912">
      <subfield code="a">19920914000000.0</subfield>
   </datafield>
   <datafield ind1="0" ind2="0" tag="852">
      <subfield code="0">541665</subfield>
      <subfield code="b">rcppa</subfield>
      <subfield code="t">1</subfield>
      <subfield code="h">DS192.8</subfield>
      <subfield code="i">.A272 1978</subfield>
      <subfield code="x">tr fr arab</subfield>
   </datafield>
   <datafield ind1=" " ind2=" " tag="959">
      <subfield code="a">2000-06-13 00:00:00 -0400</subfield>
   </datafield>
</record>
